%%BIBLIOGRAFIA=======================================
@misc{wearesocial,
    author = "Matteo Starri",
    title = "We Are Social, Digital 2021: i dati globali",
    howpublished = "\url{https://wearesocial.com/it/blog/2021/01/digital-2021-i-dati-globali}",
    month = "gennaio",
    year = "2021"
}

@misc{worldwideweb,
    author = "Sir Tim Berners-Lee",
    title = "World Wide Web Foundation, Three challenges for the web, according to its inventor",
    howpublished = "\url{https://webfoundation.org/2017/03/web-turns-28-letter/}",
    month = "marzo",
    year = "2017"
}

@misc{mitsolid,
    author = "MIT",
    title = "What is Solid?",
    howpublished = "\url{https://web.archive.org/web/20180629163803/https://solid.mit.edu/}",
}

@misc{inrupt,
    author = "Sir Tim Berners-Lee",
    title = "Inrupt, One Small Step for the Web",
    howpublished = "\url{https://inrupt.com/one-small-step-for-the-web}",
    month = "ottobre",
    year = "2018"
}

@misc{sciencefocus,
    author = "Thomas Ling",
    title = "Science Focus, Interview: Web inventor Tim Berners-Lee thinks his creation is out of control. Hereâ€™s his plan to save it",
    howpublished = "\url{https://www.sciencefocus.com/future-technology/}",
    month = "giugno",
    year = "2021"
}

@misc{bloggers,
    author = "Wikipedia",
    title = "Zone 9 bloggers",
    howpublished = "\url{https://en.wikipedia.org/wiki/Zone_9_bloggers}",
    month = "luglio",
    year = "2021"
}

@misc{facebook,
    author = "Wikipedia",
    title = "Scandalo Facebook-Cambridge Analytica",
    howpublished = "\url{https://it.wikipedia.org/wiki/Scandalo_Facebook-Cambridge_Analytica}",
    month = "febbraio",
    year = "2021"
}

@misc{techchahiye,
    author = "Sanjay Kumar Monu",
    title = "Techchahiye, Tim Berners Lee Solid Project Decentralize the Whole Web Soon",
    howpublished = "\url{https://techchahiye.com/tim-berners-lee-solid-project/}",
    month = "settembre",
    year = "2018"
}

@misc{fastcompany,
    author = "Katrina Brooker",
    title = "Fast Company, Exclusive: Tim Berners-Lee tells us his radical new plan to upend the World Wide Web",
    howpublished = "\url{https://www.fastcompany.com/90243936/exclusive-tim-berners-lee-tells-us-his-radical\\-new-plan-to-upend-the-world-wide-web}",
    month = "settembre",
    year = "2018"
}

@misc{guardian,
    author = "Carole Cadwalladr",
    title = "The Guardian, Google, democracy and the truth about internet search",
    howpublished = "\url{https://www.theguardian.com/technology/2016/dec/04/google-democracy-truth-internet-search-facebook}",
    month = "dicembre",
    year = "2016"
}

@misc{nyt,
    author = "Sapna Maheshwari",
    title = "The New York Times, How Fake News Goes Viral: A Case Study",
    howpublished = "\url{https://www.nytimes.com/2016/11/20/business/media/how-fake-news-spreads.html}",
    month = "novembre",
    year = "2016"
}

@misc{inruptdoc,
    author = "Inrupt",
    title = "solid-client documentation",
    howpublished = "\url{https://docs.inrupt.com/developer-tools/api/javascript/solid-client/modules/acl_agent.html}"
}

@misc{solidprotocol,
    author = "Solid Protocol",
    howpublished = "\url{https://solidproject.org/TR/protocol}"
}

@misc{wac,
    author = "Web Access Control",
    howpublished = "\url{https://solid.github.io/web-access-control-spec/}"
}
